@inproceedings{lopatka2005non,
  title={Non-stationary time-series segmentation based on the Schur prediction error analysis},
  author={Lopatka, Maciej and Laplanche, Christophe and Adam, Olivier and Motsch, J-F and Zarzycki, Jan},
  booktitle={Statistical Signal Processing, 2005 IEEE/SP 13th Workshop on},
  pages={251--256},
  year={2005},
  organization={IEEE}
}

@inproceedings{wylomanska2015identification,
  title={Identification and stochastic modelling of sources in copper ore crusher vibrations},
  author={Wylomanska, Agnieszka and Zimroz, Radoslaw and Janczura, Joanna},
  booktitle={Journal of Physics: Conference Series},
  volume={628},
  number={1},
  pages={012125},
  year={2015},
  organization={IOP Publishing}
}

@article{gajda44regime,
  title={Regime variance testing-a quantile approach 2013},
  author={Gajda, Janusz and Sikora, Grzegorz and Wy{\l}oma{\'n}ska, Agnieszka},
  journal={Acta Phys. Polon B},
  volume={44},
  number={5},
  pages={1015--1035}
}

@article{wylomanska2014signal,
  title={Signal segmentation for operational regimes detection of heavy duty mining mobile machines-a statistical approach},
  author={Wy{\l}oma{\'n}ska, Agnieszka and Zimroz, Rados{\l}aw},
  journal={Diagnostyka},
  volume={15},
  year={2014}
}

@article{makowski2013procedure,
  title={A procedure for weighted summation of the derivatives of reflection coefficients in adaptive Schur filter with application to fault detection in rolling element bearings},
  author={Makowski, Ryszard and Zimroz, Radoslaw},
  journal={Mechanical Systems and Signal Processing},
  volume={38},
  number={1},
  pages={65--77},
  year={2013},
  publisher={Elsevier}
}

@article{obuchowski2014local,
  title={The local maxima method for enhancement of time--frequency map and its application to local damage detection in rotating machines},
  author={Obuchowski, Jakub and Wy{\l}oma{\'n}ska, Agnieszka and Zimroz, Rados{\l}aw},
  journal={Mechanical Systems and Signal Processing},
  volume={46},
  number={2},
  pages={389--405},
  year={2014},
  publisher={Elsevier}
}

@article{azami2012improved,
  title={An improved signal segmentation using moving average and Savitzky-Golay filter},
  author={Azami, Hamed and Mohammadi, Karim and Bozorgtabar, Behzad},
  journal={Journal of Signal and Information Processing},
  volume={3},
  number={01},
  pages={39},
  year={2012},
  publisher={Scientific Research Publishing}
}

@article{makowski2014automatic,
  title={Automatic speech signal segmentation based on the innovation adaptive filter},
  author={Makowski, Ryszard and Hossa, Robert},
  journal={International Journal of Applied Mathematics and Computer Science},
  volume={24},
  number={2},
  pages={259},
  year={2014},
  publisher={De Gruyter Open Sp. z oo}
}

@article{popescu2014signal,
  title={Signal segmentation using changing regression models with application in seismic engineering},
  author={Popescu, Theodor D},
  journal={Digital Signal Processing},
  volume={24},
  pages={14--26},
  year={2014},
  publisher={Elsevier}
}

@article{zak2014application,
  title={Application of ARMA modelling and alpha-stable distribution for local damage detection in bearings},
  author={{\.Z}ak, Grzegorz and Obuchowski, Jakub and Wy{\l}oma{\'n}ska, Agnieszka and Zimroz, Rados{\l}aw},
  journal={Diagnostyka},
  volume={15},
  year={2014}
}

@inproceedings{stefaniak2015procedures,
  title={Procedures for decision thresholds finding in maintenance management of belt conveyor system--statistical modeling of diagnostic data},
  author={Stefaniak, Pawe{\l} K and Wy{\l}oma{\'n}ska, Agnieszka and Obuchowski, Jakub and Zimroz, Radoslaw},
  booktitle={Proceedings of the 12th International Symposium Continuous Surface Mining-Aachen 2014},
  pages={391--402},
  year={2015},
  organization={Springer}
}

@article{allen1977short,
  title={Short term spectral analysis, synthesis, and modification by discrete Fourier transform},
  author={Allen, Jonathan},
  journal={IEEE Transactions on Acoustics, Speech, and Signal Processing},
  volume={25},
  number={3},
  pages={235--238},
  year={1977},
  publisher={IEEE}
}

@book{samorodnitsky1994stable,
  title={Stable non-Gaussian random processes: stochastic models with infinite variance},
  author={Samorodnitsky, Gennady and Taqqu, Murad S},
  volume={1},
  year={1994},
  publisher={CRC press}
}

@article{dempster1977maximum,
  title={Maximum likelihood from incomplete data via the EM algorithm},
  author={Dempster, Arthur P and Laird, Nan M and Rubin, Donald B},
  journal={Journal of the royal statistical society. Series B (methodological)},
  pages={1--38},
  year={1977},
  publisher={JSTOR}
}

@article{sundberg1974maximum,
  title={Maximum likelihood theory for incomplete data from an exponential family},
  author={Sundberg, Rolf},
  journal={Scandinavian Journal of Statistics},
  pages={49--58},
  year={1974},
  publisher={JSTOR}
}

@incollection{neal1998view,
  title={A view of the EM algorithm that justifies incremental, sparse, and other variants},
  author={Neal, Radford M and Hinton, Geoffrey E},
  booktitle={Learning in graphical models},
  pages={355--368},
  year={1998},
  publisher={Springer}
}

@article{hastie2001algorithm,
  title={The EM algorithm},
  author={Hastie, Trevor and Tibshirani, Robert and Friedman, Jerome},
  journal={The elements of statistical learning},
  pages={236--243},
  year={2001},
  publisher={Springer}
}

@book{kaufman2009finding,
  title={Finding groups in data: an introduction to cluster analysis},
  author={Kaufman, Leonard and Rousseeuw, Peter J},
  volume={344},
  year={2009},
  publisher={John Wiley \& Sons}
}

@article{rousseeuw1987silhouettes,
  title={Silhouettes: a graphical aid to the interpretation and validation of cluster analysis},
  author={Rousseeuw, Peter J},
  journal={Journal of computational and applied mathematics},
  volume={20},
  pages={53--65},
  year={1987},
  publisher={Elsevier}
}


